<collection xmlns="http://www.loc.gov/MARC21/slim">
<record>
  <leader>01612nam0a22002891i 450 </leader>
  <controlfield tag="001">IT\ICCU\CNCE\068278</controlfield>
  <controlfield tag="005">20171013000000.0</controlfield>
  <datafield tag="012" ind1=" " ind2=" ">
    <subfield code="a">r-o- si,&amp; ,&amp;po nuet (3) 1589 (R)</subfield>
    <subfield code="2">fei</subfield>
  </datafield>
  <datafield tag="100" ind1=" " ind2=" ">
    <subfield code="a">20061005d1589        0itac0103    ba</subfield>
  </datafield>
  <datafield tag="101" ind1=" " ind2=" ">
    <subfield code="a">ITA</subfield>
  </datafield>
  <datafield tag="102" ind1=" " ind2=" ">
    <subfield code="a">IT</subfield>
  </datafield>
  <datafield tag="200" ind1="1" ind2=" ">
    <subfield code="a">Rime di m. Iacopo Sannazaro di nuouo ristampate, &amp; con ogni diligenza ripurgate da infiniti errori, che si trouauano nell&apos;altre editioni, per m. Borgarurutio \!! Borgarucci</subfield>
  </datafield>
  <datafield tag="210" ind1=" " ind2=" ">
    <subfield code="a">In Venetia</subfield>
    <subfield code="c">appresso Pietro Marinelli</subfield>
    <subfield code="d">1589</subfield>
  </datafield>
  <datafield tag="215" ind1=" " ind2=" ">
    <subfield code="a">287, \1! p.</subfield>
    <subfield code="d">12ʻ</subfield>
  </datafield>
  <datafield tag="620" ind1=" " ind2=" ">
    <subfield code="a">IT</subfield>
    <subfield code="d">Venezia</subfield>
  </datafield>
  <datafield tag="700" ind1=" " ind2="1">
    <subfield code="a">Sannazzaro,</subfield>
    <subfield code="b">Iacopo</subfield>
    <subfield code="3">IT\ICCU\CNCA\002217</subfield>
  </datafield>
  <datafield tag="702" ind1=" " ind2="1">
    <subfield code="a">Borgarucci,</subfield>
    <subfield code="b">Borgaruccio</subfield>
    <subfield code="3">IT\ICCU\CNCA\000148</subfield>
  </datafield>
  <datafield tag="712" ind1="0" ind2="0">
    <subfield code="a">Marinelli, Pietro</subfield>
    <subfield code="3">IT\ICCU\CNCT\000535</subfield>
    <subfield code="4">650</subfield>
  </datafield>
  <datafield tag="790" ind1=" " ind2="0">
    <subfield code="a">Actius Syncerus</subfield>
    <subfield code="3">IT\ICCU\CNCA\013494</subfield>
    <subfield code="z">Sannazzaro, Iacopo</subfield>
  </datafield>
  <datafield tag="790" ind1=" " ind2="1">
    <subfield code="a">Sannazaro,</subfield>
    <subfield code="b">Iacopo</subfield>
    <subfield code="3">IT\ICCU\CNCA\023607</subfield>
    <subfield code="z">Sannazzaro, Iacopo</subfield>
  </datafield>
  <datafield tag="790" ind1=" " ind2="0">
    <subfield code="a">Borgarutius</subfield>
    <subfield code="c"> : a#Borgarutiis</subfield>
    <subfield code="3">IT\ICCU\CNCA\018556</subfield>
    <subfield code="z">Borgarucci, Borgaruccio</subfield>
  </datafield>
  <datafield tag="791" ind1="0" ind2="0">
    <subfield code="a">Marinellus, Petrus</subfield>
    <subfield code="3">IT\ICCU\CNCT\005033</subfield>
    <subfield code="z">Marinelli, Pietro</subfield>
  </datafield>
  <datafield tag="801" ind1=" " ind2="3">
    <subfield code="a">IT</subfield>
    <subfield code="b">ICCU</subfield>
    <subfield code="c">20201115</subfield>
  </datafield>
  <datafield tag="899" ind1=" " ind2=" ">
    <subfield code="a">Biblioteca Ichnussa - Biblioteca digitale della poesia sarda. Ulassai</subfield>
    <subfield code="1">OG0029</subfield>
    <subfield code="2">ZOG01</subfield>
  </datafield>
  <datafield tag="899" ind1=" " ind2=" ">
    <subfield code="a">Biblioteca del Seminario Vescovile della Facolt ̉Teologica del Triveneto dell&apos;Istituto Filosofico Aloisianum. Padova</subfield>
    <subfield code="1">PD0073</subfield>
    <subfield code="2">PUV 01</subfield>
  </datafield>
  <datafield tag="911" ind1=" " ind2=" ">
    <subfield code="a">Sul front.</subfield>
    <subfield code="9">IT\ICCU\CNCM\000648</subfield>
  </datafield>
  <datafield tag="921" ind1=" " ind2=" ">
    <subfield code="a">IT\ICCU\CNCM\000648</subfield>
    <subfield code="b">Abbondanza: donna avanza tenendo col braccio destro una cornucopia e nella mano sinistra spighe e un nastro  con la scritta: Abundantia.</subfield>
    <subfield code="c">Z2</subfield>
    <subfield code="d">Dimensioni: 2,5 x 3</subfield>
    <subfield code="f">ABBONDANZA</subfield>
    <subfield code="f">DONNA</subfield>
    <subfield code="f">CORNUCOPIA</subfield>
    <subfield code="g">1586-1589</subfield>
  </datafield>
</record>
</collection>
